<?xml version='1.0' encoding='utf-8'?>
<record xmlns="http://www.loc.gov/MARC21/slim" xmlns:xsi="http://www.w3.org/2001/XMLSchema-instance" xsi:schemaLocation="http://www.loc.gov/MARC21/slim http://www.loc.gov/standards/marcxml/schema/MARC21slim.xsd">
  <leader>00000nkiaa22     3u 4500</leader>
  <controlfield tag="005">20140314121800.0</controlfield>
  <controlfield tag="007">cr cn nnnuunua</controlfield>
  <controlfield tag="008">140214c201u9999miunnn            zneng</controlfield>
  <datafield tag="035" ind1=" " ind2=" ">
    <subfield code="a">sw1zp3x956</subfield>
  </datafield>
  <datafield tag="035" ind1=" " ind2=" ">
    <subfield code="a">(OCoLC)879646794</subfield>
  </datafield>
  <datafield tag="040" ind1=" " ind2=" ">
    <subfield code="a">MiU-H</subfield>
    <subfield code="c">MiU-H</subfield>
  </datafield>
  <datafield tag="042" ind1=" " ind2=" ">
    <subfield code="a">dc</subfield>
  </datafield>
  <datafield tag="130" ind1="2" ind2=" ">
    <subfield code="a">Groundcover News.</subfield>
  </datafield>
  <datafield tag="245" ind1="1" ind2="0">
    <subfield code="a">Groundcover News Web Archives.</subfield>
  </datafield>
  <datafield tag="260" ind1=" " ind2=" ">
    <subfield code="c">2010-</subfield>
  </datafield>
  <datafield tag="300" ind1=" " ind2=" ">
    <subfield code="a">Online resource.</subfield>
  </datafield>
  <datafield tag="545" ind1="1" ind2=" ">
    <subfield code="a">Ann Arbor, Michigan edition of Groundcover News was founded in April, 2010 as a means to empower homeless persons to make the transition from homeless to housed, and from jobless to employed. Street newspapers like Groundcover News exist in cities all over the United States in an effort to raise awareness of the plight of homeless and combat the increase in poverty.</subfield>
  </datafield>
  <datafield tag="655" ind1=" " ind2="7">
    <subfield code="a">Web sites.</subfield>
    <subfield code="2">aat</subfield>
  </datafield>
  <datafield tag="630" ind1="0" ind2="0">
    <subfield code="a">Groundcover News.</subfield>
  </datafield>
  <datafield tag="650" ind1=" " ind2="0">
    <subfield code="a">Homeless persons</subfield>
    <subfield code="z">Michigan</subfield>
    <subfield code="z">Ann Arbor</subfield>
    <subfield code="v">Newspapers.</subfield>
  </datafield>
  <datafield tag="651" ind1=" " ind2="0">
    <subfield code="a">Ann Arbor (Mich.)</subfield>
  </datafield>
  <datafield tag="651" ind1=" " ind2="0">
    <subfield code="a">Washtenaw County (Mich.)</subfield>
  </datafield>
  <datafield tag="690" ind1=" " ind2="4">
    <subfield code="a">Social justice.</subfield>
  </datafield>
  <datafield tag="856" ind1="4" ind2="1">
    <subfield code="u">http://webarchives.cdlib.org/site/sw1zp3x956</subfield>
    <subfield code="z">2014025 Aa 3</subfield>
  </datafield>
  <datafield tag="997" ind1=" " ind2=" ">
    <subfield code="a">MARS</subfield>
  </datafield>
</record>
